@online{cppreference,
	url = {https://en.cppreference.com/w/},
	title = {C++ reference},
	urldate = {2022-10-22}
}

@online{wiki_meta,
	url = {https://en.wikipedia.org/wiki/Template_metaprogramming},
	title = {Template metaprogramming - Wikipedia},
	urldate = {2022-10-22}
}

@techreport{cpp_extension_reflexpr_iso,
	author      = {ISO/IEC JTC 1/SC 22},
	institution = {International Standardization Subcommittee for Programming Languages},
	title       = {ISO/IEC TS 23619:2021},
	year        = {2021},
	month       = {10},
}

@online{cpp_extension_reflexpr_short,
	url = {https://en.cppreference.com/w/cpp/experimental/reflect},
	title = {Extensions for reflection},
	urldate = {2023-01-28}
}

@techreport{json_iso,
	author      = {ISO/IEC JTC 1/SC 22},
	institution = {Programming languages, their environments and system software interfaces},
	title       = {ISO/IEC 21778:2017},
	year        = {2017},
	month       = {11},
}

@online{google_trends_json_api_vs_rest_of_the_world,
	url = {https://trends.google.pl/trends/explore?date=2014-01-01%202023-01-01&q=JSON%20API,XML%20API,YAML%20API,TOML%20API,CSV%20API},
	title = {Trendy Google},
	author = {Google},
	year = {2023},
}
